@article{ph1,
  title={Evolutionary dynamics of RNA-like replicator systems: a bioinformatic approach to the origin of life},
  author={Takeuchi, Nobuto and Hogeweg, Paulien},
  journal={Physics of Life Reviews},
  volume={9},
  number={3},
  pages={219--263},
  year={2012},
  publisher={Elsevier}
}

@article{stringmol,
  title={Maximizing the adjacent possible in automata chemistries},
  author={Hickinbotham, Simon and Clark, Edward and Nellis, Adam and Stepney, Susan and Clarke, Tim and Young, Peter},
  journal={Artificial Life},
  volume={22},
  number={1},
  pages={49--75},
  year={2016},
  publisher={MIT Press}
}
